@article{ref_1,
  title={ Radio-frequency controlled low-energy electron pulses },
  doi={ 10.53846/goediss-10691 },
  url={ https://doi.org/10.53846/goediss-10691 },
  author={Unknown},
  year={2023},
  publisher={Unknown}
}

