@article{goh2024,
 author = {Goh, Vicky},
 doi = {10.1186/isrctn12114913},
 journal = {http://isrctn.com/},
 title = {Assessing response to treatment using imaging with PET/MRI in advanced renal cancer},
 year = {2024}
}

@article{kanabolo2019,
 author = {Kanabolo, Diboro and Gundeti, Mohan S.},
 doi = {10.1201/9780429029417-2},
 journal = {Medical Imaging},
 title = {The Role of Artificial Intelligence (AI) in Medical Imaging: General Radiologic and Urologic Applications},
 year = {2019}
}

@article{kaur2024,
 author = {Kaur, Jaspreet},
 doi = {10.4018/979-8-3693-2359-5.ch003},
 journal = {Advances in Medical Technologies and Clinical Practice},
 title = {Insightful Visions},
 year = {2024}
}

@article{mehndiratta2014,
 author = {Mehndiratta, Amit and Anandaraj, Prabu and Zechmann, Christian M. and Giesel, Frederik L.},
 doi = {10.1007/978-1-84882-710-3_14},
 journal = {Medical Imaging in Clinical Trials},
 title = {Nuclear Medicine: An Overview of Imaging Techniques, Clinical Applications and Trials},
 year = {2014}
}

@article{ref1,
 author = {},
 doi = {10.1017/cbo9780511977657.012},
 journal = {Cosmic Magnetic Fields},
 title = {Intergalactic cosmic rays, gamma rays, and magnetic fields},
 year = {2015}
}

@article{ref1,
 author = {},
 doi = {10.3109/9781420019766-9},
 journal = {Acute Aortic Disease},
 title = {Imaging of Aneurysms and Dissections: Chest X-Ray, Echo, Computed Tomography, Magnetic Resonance Imaging},
 year = {2007}
}

@article{ref1,
 author = {},
 doi = {10.1016/s1099-5129(01)80405-0},
 journal = {Europace},
 title = {Transesophageal electrophysiological study â€” simple and effective diagnostic tool in children},
 year = {2001}
}
